<?xml version="1.0" encoding="UTF-8"?><record xmlns="http://www.loc.gov/MARC21/slim" xmlns:cinclude="http://apache.org/cocoon/include/1.0" xmlns:zs="http://www.loc.gov/zing/srw/">
  <leader>00845nz  a2200181n  4500</leader>
  <controlfield tag="001">n  88147259 </controlfield>
  <controlfield tag="003">DLC</controlfield>
  <controlfield tag="005">19880512080010.7</controlfield>
  <controlfield tag="008">880317n| acannaab|          |a aaa |||  </controlfield>
  <datafield tag="010" ind1=" " ind2=" ">
    <subfield code="a">n  88147259 </subfield>
  </datafield>
  <datafield tag="040" ind1=" " ind2=" ">
    <subfield code="a">DLC</subfield>
    <subfield code="c">DLC</subfield>
  </datafield>
  <datafield tag="100" ind1="1" ind2="0">
    <subfield code="a">Misra, Madhu Sudan,</subfield>
    <subfield code="d">1944-</subfield>
  </datafield>
  <datafield tag="400" ind1="0" ind2="0">
    <subfield code="a">Madhu Sudan Misra,</subfield>
    <subfield code="d">1944-</subfield>
  </datafield>
  <datafield tag="400" ind1="1" ind2="0">
    <subfield code="a">Misra, M. S.</subfield>
    <subfield code="q">(Madhu Sudan),</subfield>
    <subfield code="d">1944-</subfield>
  </datafield>
  <datafield tag="400" ind1="1" ind2="0">
    <subfield code="a">Miśra, Madhusūdana,</subfield>
    <subfield code="d">1944-</subfield>
  </datafield>
  <datafield tag="400" ind1="0" ind2="0">
    <subfield code="a">Madhusūdana Miśra,</subfield>
    <subfield code="d">1944-</subfield>
  </datafield>
  <datafield tag="670" ind1=" " ind2=" ">
    <subfield code="a">His Politics of regionalism in India, c1988:</subfield>
    <subfield code="b">t.p. (Madhu Sudan Misra, M.A., Ph. D. ; Dept. of P.G. Studies and Res. in Pol. Sc., Feroze Gandhi Coll., Rae Bareli) p. 7 (M.S. Misra) jkt. (Dr. ; sr. lecturer ; Ph. D. from Aligarh Muslim U. ; Rae Bareli correspondent of Times of India newspaper)</subfield>
  </datafield>
  <datafield tag="670" ind1=" " ind2=" ">
    <subfield code="a">Ltr. fr. author, 2/22/88</subfield>
    <subfield code="b">(Madhusūdana Miśra ; Misra, Madhu Sudan ; b. 11/2/1944)</subfield>
  </datafield>
</record>